%YAML 1.1
%TAG !u! tag:unity3d.com,2011:
--- !u!29 &1
OcclusionCullingSettings:
  m_ObjectHideFlags: 0
  serializedVersion: 2
  m_OcclusionBakeSettings:
    smallestOccluder: 5
    smallestHole: 0.25
    backfaceThreshold: 100
  m_SceneGUID: 00000000000000000000000000000000
  m_OcclusionCullingData: {fileID: 0}
--- !u!104 &2
RenderSettings:
  m_ObjectHideFlags: 0
  serializedVersion: 9
  m_Fog: 0
  m_FogColor: {r: 0.5, g: 0.5, b: 0.5, a: 1}
  m_FogMode: 3
  m_FogDensity: 0.01
  m_LinearFogStart: 0
  m_LinearFogEnd: 300
  m_AmbientSkyColor: {r: 0.212, g: 0.227, b: 0.259, a: 1}
  m_AmbientEquatorColor: {r: 0.114, g: 0.125, b: 0.133, a: 1}
  m_AmbientGroundColor: {r: 0.047, g: 0.043, b: 0.035, a: 1}
  m_AmbientIntensity: 1
  m_AmbientMode: 3
  m_SubtractiveShadowColor: {r: 0.42, g: 0.478, b: 0.627, a: 1}
  m_SkyboxMaterial: {fileID: 0}
  m_HaloStrength: 0.5
  m_FlareStrength: 1
  m_FlareFadeSpeed: 3
  m_HaloTexture: {fileID: 0}
  m_SpotCookie: {fileID: 10001, guid: 0000000000000000e000000000000000, type: 0}
  m_DefaultReflectionMode: 0
  m_DefaultReflectionResolution: 128
  m_ReflectionBounces: 1
  m_ReflectionIntensity: 1
  m_CustomReflection: {fileID: 0}
  m_Sun: {fileID: 0}
  m_IndirectSpecularColor: {r: 0, g: 0, b: 0, a: 1}
  m_UseRadianceAmbientProbe: 0
--- !u!157 &3
LightmapSettings:
  m_ObjectHideFlags: 0
  serializedVersion: 11
  m_GIWorkflowMode: 1
  m_GISettings:
    serializedVersion: 2
    m_BounceScale: 1
    m_IndirectOutputScale: 1
    m_AlbedoBoost: 1
    m_EnvironmentLightingMode: 0
    m_EnableBakedLightmaps: 0
    m_EnableRealtimeLightmaps: 0
  m_LightmapEditorSettings:
    serializedVersion: 10
    m_Resolution: 2
    m_BakeResolution: 40
    m_AtlasSize: 1024
    m_AO: 0
    m_AOMaxDistance: 1
    m_CompAOExponent: 1
    m_CompAOExponentDirect: 0
    m_Padding: 2
    m_LightmapParameters: {fileID: 0}
    m_LightmapsBakeMode: 1
    m_TextureCompression: 1
    m_FinalGather: 0
    m_FinalGatherFiltering: 1
    m_FinalGatherRayCount: 256
    m_ReflectionCompression: 2
    m_MixedBakeMode: 2
    m_BakeBackend: 1
    m_PVRSampling: 1
    m_PVRDirectSampleCount: 32
    m_PVRSampleCount: 500
    m_PVRBounces: 2
    m_PVRFilterTypeDirect: 0
    m_PVRFilterTypeIndirect: 0
    m_PVRFilterTypeAO: 0
    m_PVRFilteringMode: 1
    m_PVRCulling: 1
    m_PVRFilteringGaussRadiusDirect: 1
    m_PVRFilteringGaussRadiusIndirect: 5
    m_PVRFilteringGaussRadiusAO: 2
    m_PVRFilteringAtrousPositionSigmaDirect: 0.5
    m_PVRFilteringAtrousPositionSigmaIndirect: 2
    m_PVRFilteringAtrousPositionSigmaAO: 1
    m_ShowResolutionOverlay: 1
  m_LightingDataAsset: {fileID: 0}
  m_UseShadowmask: 1
--- !u!196 &4
NavMeshSettings:
  serializedVersion: 2
  m_ObjectHideFlags: 0
  m_BuildSettings:
    serializedVersion: 2
    agentTypeID: 0
    agentRadius: 0.5
    agentHeight: 2
    agentSlope: 45
    agentClimb: 0.4
    ledgeDropHeight: 0
    maxJumpAcrossDistance: 0
    minRegionArea: 2
    manualCellSize: 0
    cellSize: 0.16666667
    manualTileSize: 0
    tileSize: 256
    accuratePlacement: 0
    debug:
      m_Flags: 0
  m_NavMeshData: {fileID: 0}
--- !u!1 &171093226
GameObject:
  m_ObjectHideFlags: 0
  m_CorrespondingSourceObject: {fileID: 0}
  m_PrefabInstance: {fileID: 0}
  m_PrefabAsset: {fileID: 0}
  serializedVersion: 6
  m_Component:
  - component: {fileID: 171093227}
  - component: {fileID: 171093229}
  - component: {fileID: 171093228}
  m_Layer: 0
  m_Name: Plane (2)
  m_TagString: Untagged
  m_Icon: {fileID: 0}
  m_NavMeshLayer: 0
  m_StaticEditorFlags: 0
  m_IsActive: 1
--- !u!4 &171093227
Transform:
  m_ObjectHideFlags: 0
  m_CorrespondingSourceObject: {fileID: 0}
  m_PrefabInstance: {fileID: 0}
  m_PrefabAsset: {fileID: 0}
  m_GameObject: {fileID: 171093226}
  m_LocalRotation: {x: -0, y: 0.7071068, z: -0, w: 0.7071068}
  m_LocalPosition: {x: 0, y: 0, z: 246}
  m_LocalScale: {x: 1.0000005, y: 1, z: 200.00047}
  m_Children: []
  m_Father: {fileID: 361610706}
  m_RootOrder: 2
  m_LocalEulerAnglesHint: {x: 0, y: 90, z: 0}
--- !u!23 &171093228
MeshRenderer:
  m_ObjectHideFlags: 0
  m_CorrespondingSourceObject: {fileID: 0}
  m_PrefabInstance: {fileID: 0}
  m_PrefabAsset: {fileID: 0}
  m_GameObject: {fileID: 171093226}
  m_Enabled: 1
  m_CastShadows: 1
  m_ReceiveShadows: 1
  m_DynamicOccludee: 1
  m_MotionVectors: 1
  m_LightProbeUsage: 1
  m_ReflectionProbeUsage: 1
  m_RenderingLayerMask: 1
  m_RendererPriority: 0
  m_Materials:
  - {fileID: 10303, guid: 0000000000000000f000000000000000, type: 0}
  m_StaticBatchInfo:
    firstSubMesh: 0
    subMeshCount: 0
  m_StaticBatchRoot: {fileID: 0}
  m_ProbeAnchor: {fileID: 0}
  m_LightProbeVolumeOverride: {fileID: 0}
  m_ScaleInLightmap: 1
  m_PreserveUVs: 0
  m_IgnoreNormalsForChartDetection: 0
  m_ImportantGI: 0
  m_StitchLightmapSeams: 0
  m_SelectedEditorRenderState: 3
  m_MinimumChartSize: 4
  m_AutoUVMaxDistance: 0.5
  m_AutoUVMaxAngle: 89
  m_LightmapParameters: {fileID: 0}
  m_SortingLayerID: 0
  m_SortingLayer: 0
  m_SortingOrder: 0
--- !u!33 &171093229
MeshFilter:
  m_ObjectHideFlags: 0
  m_CorrespondingSourceObject: {fileID: 0}
  m_PrefabInstance: {fileID: 0}
  m_PrefabAsset: {fileID: 0}
  m_GameObject: {fileID: 171093226}
  m_Mesh: {fileID: 10209, guid: 0000000000000000e000000000000000, type: 0}
--- !u!1 &361610705
GameObject:
  m_ObjectHideFlags: 0
  m_CorrespondingSourceObject: {fileID: 0}
  m_PrefabInstance: {fileID: 0}
  m_PrefabAsset: {fileID: 0}
  serializedVersion: 6
  m_Component:
  - component: {fileID: 361610706}
  m_Layer: 0
  m_Name: Roads
  m_TagString: Untagged
  m_Icon: {fileID: 0}
  m_NavMeshLayer: 0
  m_StaticEditorFlags: 0
  m_IsActive: 1
--- !u!4 &361610706
Transform:
  m_ObjectHideFlags: 0
  m_CorrespondingSourceObject: {fileID: 0}
  m_PrefabInstance: {fileID: 0}
  m_PrefabAsset: {fileID: 0}
  m_GameObject: {fileID: 361610705}
  m_LocalRotation: {x: 0, y: 0, z: 0, w: 1}
  m_LocalPosition: {x: 0, y: 0, z: 0}
  m_LocalScale: {x: 1, y: 1, z: 1}
  m_Children:
  - {fileID: 1982079836}
  - {fileID: 1423452813}
  - {fileID: 171093227}
  - {fileID: 506737210}
  m_Father: {fileID: 0}
  m_RootOrder: 8
  m_LocalEulerAnglesHint: {x: 0, y: 0, z: 0}
--- !u!1 &506737209
GameObject:
  m_ObjectHideFlags: 0
  m_CorrespondingSourceObject: {fileID: 0}
  m_PrefabInstance: {fileID: 0}
  m_PrefabAsset: {fileID: 0}
  serializedVersion: 6
  m_Component:
  - component: {fileID: 506737210}
  - component: {fileID: 506737212}
  - component: {fileID: 506737211}
  m_Layer: 0
  m_Name: Plane (3)
  m_TagString: Untagged
  m_Icon: {fileID: 0}
  m_NavMeshLayer: 0
  m_StaticEditorFlags: 0
  m_IsActive: 1
--- !u!4 &506737210
Transform:
  m_ObjectHideFlags: 0
  m_CorrespondingSourceObject: {fileID: 0}
  m_PrefabInstance: {fileID: 0}
  m_PrefabAsset: {fileID: 0}
  m_GameObject: {fileID: 506737209}
  m_LocalRotation: {x: -0, y: 0.7071068, z: -0, w: 0.7071068}
  m_LocalPosition: {x: 0, y: 0, z: 390}
  m_LocalScale: {x: 1.0000005, y: 1, z: 200.00066}
  m_Children: []
  m_Father: {fileID: 361610706}
  m_RootOrder: 3
  m_LocalEulerAnglesHint: {x: 0, y: 90, z: 0}
--- !u!23 &506737211
MeshRenderer:
  m_ObjectHideFlags: 0
  m_CorrespondingSourceObject: {fileID: 0}
  m_PrefabInstance: {fileID: 0}
  m_PrefabAsset: {fileID: 0}
  m_GameObject: {fileID: 506737209}
  m_Enabled: 1
  m_CastShadows: 1
  m_ReceiveShadows: 1
  m_DynamicOccludee: 1
  m_MotionVectors: 1
  m_LightProbeUsage: 1
  m_ReflectionProbeUsage: 1
  m_RenderingLayerMask: 1
  m_RendererPriority: 0
  m_Materials:
  - {fileID: 10303, guid: 0000000000000000f000000000000000, type: 0}
  m_StaticBatchInfo:
    firstSubMesh: 0
    subMeshCount: 0
  m_StaticBatchRoot: {fileID: 0}
  m_ProbeAnchor: {fileID: 0}
  m_LightProbeVolumeOverride: {fileID: 0}
  m_ScaleInLightmap: 1
  m_PreserveUVs: 0
  m_IgnoreNormalsForChartDetection: 0
  m_ImportantGI: 0
  m_StitchLightmapSeams: 0
  m_SelectedEditorRenderState: 3
  m_MinimumChartSize: 4
  m_AutoUVMaxDistance: 0.5
  m_AutoUVMaxAngle: 89
  m_LightmapParameters: {fileID: 0}
  m_SortingLayerID: 0
  m_SortingLayer: 0
  m_SortingOrder: 0
--- !u!33 &506737212
MeshFilter:
  m_ObjectHideFlags: 0
  m_CorrespondingSourceObject: {fileID: 0}
  m_PrefabInstance: {fileID: 0}
  m_PrefabAsset: {fileID: 0}
  m_GameObject: {fileID: 506737209}
  m_Mesh: {fileID: 10209, guid: 0000000000000000e000000000000000, type: 0}
--- !u!114 &520008712 stripped
MonoBehaviour:
  m_CorrespondingSourceObject: {fileID: 5644565509214544767, guid: 3c7e24c4ce41c0340ba0e1dce3fbb995,
    type: 3}
  m_PrefabInstance: {fileID: 2079600131}
  m_PrefabAsset: {fileID: 0}
  m_GameObject: {fileID: 0}
  m_Enabled: 1
  m_EditorHideFlags: 0
  m_Script: {fileID: 11500000, guid: af7f10b28e45c504faadf7fcaa12f8ea, type: 3}
  m_Name: 
  m_EditorClassIdentifier: 
--- !u!1 &647684603
GameObject:
  m_ObjectHideFlags: 0
  m_CorrespondingSourceObject: {fileID: 0}
  m_PrefabInstance: {fileID: 0}
  m_PrefabAsset: {fileID: 0}
  serializedVersion: 6
  m_Component:
  - component: {fileID: 647684605}
  - component: {fileID: 647684604}
  m_Layer: 0
  m_Name: HomeezGameManager
  m_TagString: Untagged
  m_Icon: {fileID: 0}
  m_NavMeshLayer: 0
  m_StaticEditorFlags: 0
  m_IsActive: 1
--- !u!114 &647684604
MonoBehaviour:
  m_ObjectHideFlags: 0
  m_CorrespondingSourceObject: {fileID: 0}
  m_PrefabInstance: {fileID: 0}
  m_PrefabAsset: {fileID: 0}
  m_GameObject: {fileID: 647684603}
  m_Enabled: 1
  m_EditorHideFlags: 0
  m_Script: {fileID: 11500000, guid: 7aafec5a96ebb7f409530440b4a71124, type: 3}
  m_Name: 
  m_EditorClassIdentifier: 
--- !u!4 &647684605
Transform:
  m_ObjectHideFlags: 0
  m_CorrespondingSourceObject: {fileID: 0}
  m_PrefabInstance: {fileID: 0}
  m_PrefabAsset: {fileID: 0}
  m_GameObject: {fileID: 647684603}
  m_LocalRotation: {x: 0, y: 0, z: 0, w: 1}
  m_LocalPosition: {x: 0, y: 0, z: 0}
  m_LocalScale: {x: 1, y: 1, z: 1}
  m_Children: []
  m_Father: {fileID: 0}
  m_RootOrder: 3
  m_LocalEulerAnglesHint: {x: 0, y: 0, z: 0}
--- !u!114 &805243007 stripped
MonoBehaviour:
  m_CorrespondingSourceObject: {fileID: 5644565509214544767, guid: 3c7e24c4ce41c0340ba0e1dce3fbb995,
    type: 3}
  m_PrefabInstance: {fileID: 1856541983}
  m_PrefabAsset: {fileID: 0}
  m_GameObject: {fileID: 0}
  m_Enabled: 1
  m_EditorHideFlags: 0
  m_Script: {fileID: 11500000, guid: af7f10b28e45c504faadf7fcaa12f8ea, type: 3}
  m_Name: 
  m_EditorClassIdentifier: 
--- !u!114 &904464525 stripped
MonoBehaviour:
  m_CorrespondingSourceObject: {fileID: 5644565509214544767, guid: 3c7e24c4ce41c0340ba0e1dce3fbb995,
    type: 3}
  m_PrefabInstance: {fileID: 1284859643}
  m_PrefabAsset: {fileID: 0}
  m_GameObject: {fileID: 0}
  m_Enabled: 1
  m_EditorHideFlags: 0
  m_Script: {fileID: 11500000, guid: af7f10b28e45c504faadf7fcaa12f8ea, type: 3}
  m_Name: 
  m_EditorClassIdentifier: 
--- !u!1 &1236106560
GameObject:
  m_ObjectHideFlags: 0
  m_CorrespondingSourceObject: {fileID: 0}
  m_PrefabInstance: {fileID: 0}
  m_PrefabAsset: {fileID: 0}
  serializedVersion: 6
  m_Component:
  - component: {fileID: 1236106562}
  - component: {fileID: 1236106561}
  m_Layer: 0
  m_Name: Directional Light
  m_TagString: Untagged
  m_Icon: {fileID: 0}
  m_NavMeshLayer: 0
  m_StaticEditorFlags: 0
  m_IsActive: 1
--- !u!108 &1236106561
Light:
  m_ObjectHideFlags: 0
  m_CorrespondingSourceObject: {fileID: 0}
  m_PrefabInstance: {fileID: 0}
  m_PrefabAsset: {fileID: 0}
  m_GameObject: {fileID: 1236106560}
  m_Enabled: 1
  serializedVersion: 8
  m_Type: 1
  m_Color: {r: 1, g: 0.7511099, b: 0.4481132, a: 1}
  m_Intensity: 1
  m_Range: 10
  m_SpotAngle: 30
  m_CookieSize: 10
  m_Shadows:
    m_Type: 0
    m_Resolution: -1
    m_CustomResolution: -1
    m_Strength: 1
    m_Bias: 0.05
    m_NormalBias: 0.4
    m_NearPlane: 0.2
  m_Cookie: {fileID: 0}
  m_DrawHalo: 0
  m_Flare: {fileID: 0}
  m_RenderMode: 0
  m_CullingMask:
    serializedVersion: 2
    m_Bits: 4294967295
  m_Lightmapping: 4
  m_LightShadowCasterMode: 0
  m_AreaSize: {x: 1, y: 1}
  m_BounceIntensity: 1
  m_ColorTemperature: 6570
  m_UseColorTemperature: 0
  m_ShadowRadius: 0
  m_ShadowAngle: 0
--- !u!4 &1236106562
Transform:
  m_ObjectHideFlags: 0
  m_CorrespondingSourceObject: {fileID: 0}
  m_PrefabInstance: {fileID: 0}
  m_PrefabAsset: {fileID: 0}
  m_GameObject: {fileID: 1236106560}
  m_LocalRotation: {x: 0.26786542, y: -0.24866791, z: 0.07177431, w: 0.9280414}
  m_LocalPosition: {x: 0, y: 0, z: 0}
  m_LocalScale: {x: 1, y: 1, z: 1}
  m_Children: []
  m_Father: {fileID: 0}
  m_RootOrder: 2
  m_LocalEulerAnglesHint: {x: 32.2, y: -30, z: 0}
--- !u!1001 &1284859643
PrefabInstance:
  m_ObjectHideFlags: 0
  serializedVersion: 2
  m_Modification:
    m_TransformParent: {fileID: 0}
    m_Modifications:
    - target: {fileID: 5853949275495222620, guid: 3c7e24c4ce41c0340ba0e1dce3fbb995,
        type: 3}
      propertyPath: m_Name
      value: Player 3
      objectReference: {fileID: 0}
    - target: {fileID: 5644565509214544767, guid: 3c7e24c4ce41c0340ba0e1dce3fbb995,
        type: 3}
      propertyPath: playerNumber
      value: 3
      objectReference: {fileID: 0}
    - target: {fileID: 1058086068438937697, guid: 3c7e24c4ce41c0340ba0e1dce3fbb995,
        type: 3}
      propertyPath: m_LocalPosition.x
      value: 1.05
      objectReference: {fileID: 0}
    - target: {fileID: 1058086068438937697, guid: 3c7e24c4ce41c0340ba0e1dce3fbb995,
        type: 3}
      propertyPath: m_LocalPosition.y
      value: 1.28
      objectReference: {fileID: 0}
    - target: {fileID: 1058086068438937697, guid: 3c7e24c4ce41c0340ba0e1dce3fbb995,
        type: 3}
      propertyPath: m_LocalPosition.z
      value: 5.02
      objectReference: {fileID: 0}
    - target: {fileID: 1058086068438937697, guid: 3c7e24c4ce41c0340ba0e1dce3fbb995,
        type: 3}
      propertyPath: m_LocalRotation.x
      value: 0
      objectReference: {fileID: 0}
    - target: {fileID: 1058086068438937697, guid: 3c7e24c4ce41c0340ba0e1dce3fbb995,
        type: 3}
      propertyPath: m_LocalRotation.y
      value: 0
      objectReference: {fileID: 0}
    - target: {fileID: 1058086068438937697, guid: 3c7e24c4ce41c0340ba0e1dce3fbb995,
        type: 3}
      propertyPath: m_LocalRotation.z
      value: 0
      objectReference: {fileID: 0}
    - target: {fileID: 1058086068438937697, guid: 3c7e24c4ce41c0340ba0e1dce3fbb995,
        type: 3}
      propertyPath: m_LocalRotation.w
      value: 1
      objectReference: {fileID: 0}
    - target: {fileID: 1058086068438937697, guid: 3c7e24c4ce41c0340ba0e1dce3fbb995,
        type: 3}
      propertyPath: m_RootOrder
      value: 5
      objectReference: {fileID: 0}
    - target: {fileID: 1058086068438937697, guid: 3c7e24c4ce41c0340ba0e1dce3fbb995,
        type: 3}
      propertyPath: m_LocalEulerAnglesHint.x
      value: 0
      objectReference: {fileID: 0}
    - target: {fileID: 1058086068438937697, guid: 3c7e24c4ce41c0340ba0e1dce3fbb995,
        type: 3}
      propertyPath: m_LocalEulerAnglesHint.y
      value: 0
      objectReference: {fileID: 0}
    - target: {fileID: 1058086068438937697, guid: 3c7e24c4ce41c0340ba0e1dce3fbb995,
        type: 3}
      propertyPath: m_LocalEulerAnglesHint.z
      value: 0
      objectReference: {fileID: 0}
    - target: {fileID: 7002560264982876321, guid: 3c7e24c4ce41c0340ba0e1dce3fbb995,
        type: 3}
      propertyPath: m_UseGravity
      value: 0
      objectReference: {fileID: 0}
    - target: {fileID: 1612992953882123482, guid: 3c7e24c4ce41c0340ba0e1dce3fbb995,
        type: 3}
      propertyPath: m_NormalizedViewPortRect.x
      value: 0
      objectReference: {fileID: 0}
    - target: {fileID: 1612992953882123482, guid: 3c7e24c4ce41c0340ba0e1dce3fbb995,
        type: 3}
      propertyPath: m_NormalizedViewPortRect.width
      value: 1
      objectReference: {fileID: 0}
    - target: {fileID: 1612992953882123482, guid: 3c7e24c4ce41c0340ba0e1dce3fbb995,
        type: 3}
      propertyPath: m_Enabled
      value: 0
      objectReference: {fileID: 0}
    - target: {fileID: 3740142219445628124, guid: 3c7e24c4ce41c0340ba0e1dce3fbb995,
        type: 3}
      propertyPath: m_IsActive
      value: 0
      objectReference: {fileID: 0}
    - target: {fileID: 9036316431581356100, guid: 3c7e24c4ce41c0340ba0e1dce3fbb995,
        type: 3}
      propertyPath: m_LocalPosition.x
      value: 1.8
      objectReference: {fileID: 0}
    - target: {fileID: 8171313951328655450, guid: 3c7e24c4ce41c0340ba0e1dce3fbb995,
        type: 3}
      propertyPath: m_Materials.Array.data[0]
      value: 
      objectReference: {fileID: 2100000, guid: 32be4d2b0e4a6094991bc8311af37818, type: 2}
    - target: {fileID: 7274221864614019603, guid: 3c7e24c4ce41c0340ba0e1dce3fbb995,
        type: 3}
      propertyPath: m_Materials.Array.data[0]
      value: 
      objectReference: {fileID: 2100000, guid: 32be4d2b0e4a6094991bc8311af37818, type: 2}
    - target: {fileID: 6822939084429121939, guid: 3c7e24c4ce41c0340ba0e1dce3fbb995,
        type: 3}
      propertyPath: m_Materials.Array.data[0]
      value: 
      objectReference: {fileID: 2100000, guid: 32be4d2b0e4a6094991bc8311af37818, type: 2}
    - target: {fileID: 8641391316638863739, guid: 3c7e24c4ce41c0340ba0e1dce3fbb995,
        type: 3}
      propertyPath: m_Materials.Array.data[0]
      value: 
      objectReference: {fileID: 2100000, guid: 32be4d2b0e4a6094991bc8311af37818, type: 2}
    m_RemovedComponents: []
  m_SourcePrefab: {fileID: 100100000, guid: 3c7e24c4ce41c0340ba0e1dce3fbb995, type: 3}
--- !u!1001 &1311984447
PrefabInstance:
  m_ObjectHideFlags: 0
  serializedVersion: 2
  m_Modification:
    m_TransformParent: {fileID: 0}
    m_Modifications:
    - target: {fileID: 5853949275495222620, guid: 3c7e24c4ce41c0340ba0e1dce3fbb995,
        type: 3}
      propertyPath: m_Name
      value: Player 1
      objectReference: {fileID: 0}
    - target: {fileID: 1058086068438937697, guid: 3c7e24c4ce41c0340ba0e1dce3fbb995,
        type: 3}
      propertyPath: m_LocalPosition.x
      value: -2.45
      objectReference: {fileID: 0}
    - target: {fileID: 1058086068438937697, guid: 3c7e24c4ce41c0340ba0e1dce3fbb995,
        type: 3}
      propertyPath: m_LocalPosition.y
      value: 0.5
      objectReference: {fileID: 0}
    - target: {fileID: 1058086068438937697, guid: 3c7e24c4ce41c0340ba0e1dce3fbb995,
        type: 3}
      propertyPath: m_LocalPosition.z
      value: 5.02
      objectReference: {fileID: 0}
    - target: {fileID: 1058086068438937697, guid: 3c7e24c4ce41c0340ba0e1dce3fbb995,
        type: 3}
      propertyPath: m_LocalRotation.x
      value: 0
      objectReference: {fileID: 0}
    - target: {fileID: 1058086068438937697, guid: 3c7e24c4ce41c0340ba0e1dce3fbb995,
        type: 3}
      propertyPath: m_LocalRotation.y
      value: 0
      objectReference: {fileID: 0}
    - target: {fileID: 1058086068438937697, guid: 3c7e24c4ce41c0340ba0e1dce3fbb995,
        type: 3}
      propertyPath: m_LocalRotation.z
      value: 0
      objectReference: {fileID: 0}
    - target: {fileID: 1058086068438937697, guid: 3c7e24c4ce41c0340ba0e1dce3fbb995,
        type: 3}
      propertyPath: m_LocalRotation.w
      value: 1
      objectReference: {fileID: 0}
    - target: {fileID: 1058086068438937697, guid: 3c7e24c4ce41c0340ba0e1dce3fbb995,
        type: 3}
      propertyPath: m_RootOrder
      value: 1
      objectReference: {fileID: 0}
    - target: {fileID: 1058086068438937697, guid: 3c7e24c4ce41c0340ba0e1dce3fbb995,
        type: 3}
      propertyPath: m_LocalEulerAnglesHint.x
      value: 0
      objectReference: {fileID: 0}
    - target: {fileID: 1058086068438937697, guid: 3c7e24c4ce41c0340ba0e1dce3fbb995,
        type: 3}
      propertyPath: m_LocalEulerAnglesHint.y
      value: 0
      objectReference: {fileID: 0}
    - target: {fileID: 1058086068438937697, guid: 3c7e24c4ce41c0340ba0e1dce3fbb995,
        type: 3}
      propertyPath: m_LocalEulerAnglesHint.z
      value: 0
      objectReference: {fileID: 0}
    m_RemovedComponents: []
  m_SourcePrefab: {fileID: 100100000, guid: 3c7e24c4ce41c0340ba0e1dce3fbb995, type: 3}
--- !u!114 &1311984448 stripped
MonoBehaviour:
  m_CorrespondingSourceObject: {fileID: 5644565509214544767, guid: 3c7e24c4ce41c0340ba0e1dce3fbb995,
    type: 3}
  m_PrefabInstance: {fileID: 1311984447}
  m_PrefabAsset: {fileID: 0}
  m_GameObject: {fileID: 0}
  m_Enabled: 1
  m_EditorHideFlags: 0
  m_Script: {fileID: 11500000, guid: af7f10b28e45c504faadf7fcaa12f8ea, type: 3}
  m_Name: 
  m_EditorClassIdentifier: 
--- !u!1 &1423452812
GameObject:
  m_ObjectHideFlags: 0
  m_CorrespondingSourceObject: {fileID: 0}
  m_PrefabInstance: {fileID: 0}
  m_PrefabAsset: {fileID: 0}
  serializedVersion: 6
  m_Component:
  - component: {fileID: 1423452813}
  - component: {fileID: 1423452815}
  - component: {fileID: 1423452814}
  m_Layer: 0
  m_Name: Plane (1)
  m_TagString: Untagged
  m_Icon: {fileID: 0}
  m_NavMeshLayer: 0
  m_StaticEditorFlags: 0
  m_IsActive: 1
--- !u!4 &1423452813
Transform:
  m_ObjectHideFlags: 0
  m_CorrespondingSourceObject: {fileID: 0}
  m_PrefabInstance: {fileID: 0}
  m_PrefabAsset: {fileID: 0}
  m_GameObject: {fileID: 1423452812}
  m_LocalRotation: {x: -0, y: 0.7071068, z: -0, w: 0.7071068}
  m_LocalPosition: {x: 0, y: 0, z: 116.41}
  m_LocalScale: {x: 1.0000005, y: 1, z: 200.00029}
  m_Children: []
  m_Father: {fileID: 361610706}
  m_RootOrder: 1
  m_LocalEulerAnglesHint: {x: 0, y: 90, z: 0}
--- !u!23 &1423452814
MeshRenderer:
  m_ObjectHideFlags: 0
  m_CorrespondingSourceObject: {fileID: 0}
  m_PrefabInstance: {fileID: 0}
  m_PrefabAsset: {fileID: 0}
  m_GameObject: {fileID: 1423452812}
  m_Enabled: 1
  m_CastShadows: 1
  m_ReceiveShadows: 1
  m_DynamicOccludee: 1
  m_MotionVectors: 1
  m_LightProbeUsage: 1
  m_ReflectionProbeUsage: 1
  m_RenderingLayerMask: 1
  m_RendererPriority: 0
  m_Materials:
  - {fileID: 10303, guid: 0000000000000000f000000000000000, type: 0}
  m_StaticBatchInfo:
    firstSubMesh: 0
    subMeshCount: 0
  m_StaticBatchRoot: {fileID: 0}
  m_ProbeAnchor: {fileID: 0}
  m_LightProbeVolumeOverride: {fileID: 0}
  m_ScaleInLightmap: 1
  m_PreserveUVs: 0
  m_IgnoreNormalsForChartDetection: 0
  m_ImportantGI: 0
  m_StitchLightmapSeams: 0
  m_SelectedEditorRenderState: 3
  m_MinimumChartSize: 4
  m_AutoUVMaxDistance: 0.5
  m_AutoUVMaxAngle: 89
  m_LightmapParameters: {fileID: 0}
  m_SortingLayerID: 0
  m_SortingLayer: 0
  m_SortingOrder: 0
--- !u!33 &1423452815
MeshFilter:
  m_ObjectHideFlags: 0
  m_CorrespondingSourceObject: {fileID: 0}
  m_PrefabInstance: {fileID: 0}
  m_PrefabAsset: {fileID: 0}
  m_GameObject: {fileID: 1423452812}
  m_Mesh: {fileID: 10209, guid: 0000000000000000e000000000000000, type: 0}
--- !u!1001 &1856541983
PrefabInstance:
  m_ObjectHideFlags: 0
  serializedVersion: 2
  m_Modification:
    m_TransformParent: {fileID: 0}
    m_Modifications:
    - target: {fileID: 5853949275495222620, guid: 3c7e24c4ce41c0340ba0e1dce3fbb995,
        type: 3}
      propertyPath: m_Name
      value: Player 2
      objectReference: {fileID: 0}
    - target: {fileID: 5644565509214544767, guid: 3c7e24c4ce41c0340ba0e1dce3fbb995,
        type: 3}
      propertyPath: playerNumber
      value: 2
      objectReference: {fileID: 0}
    - target: {fileID: 1058086068438937697, guid: 3c7e24c4ce41c0340ba0e1dce3fbb995,
        type: 3}
      propertyPath: m_LocalPosition.x
      value: -1.1
      objectReference: {fileID: 0}
    - target: {fileID: 1058086068438937697, guid: 3c7e24c4ce41c0340ba0e1dce3fbb995,
        type: 3}
      propertyPath: m_LocalPosition.y
      value: 1.28
      objectReference: {fileID: 0}
    - target: {fileID: 1058086068438937697, guid: 3c7e24c4ce41c0340ba0e1dce3fbb995,
        type: 3}
      propertyPath: m_LocalPosition.z
      value: 5.02
      objectReference: {fileID: 0}
    - target: {fileID: 1058086068438937697, guid: 3c7e24c4ce41c0340ba0e1dce3fbb995,
        type: 3}
      propertyPath: m_LocalRotation.x
      value: 0
      objectReference: {fileID: 0}
    - target: {fileID: 1058086068438937697, guid: 3c7e24c4ce41c0340ba0e1dce3fbb995,
        type: 3}
      propertyPath: m_LocalRotation.y
      value: 0
      objectReference: {fileID: 0}
    - target: {fileID: 1058086068438937697, guid: 3c7e24c4ce41c0340ba0e1dce3fbb995,
        type: 3}
      propertyPath: m_LocalRotation.z
      value: 0
      objectReference: {fileID: 0}
    - target: {fileID: 1058086068438937697, guid: 3c7e24c4ce41c0340ba0e1dce3fbb995,
        type: 3}
      propertyPath: m_LocalRotation.w
      value: 1
      objectReference: {fileID: 0}
    - target: {fileID: 1058086068438937697, guid: 3c7e24c4ce41c0340ba0e1dce3fbb995,
        type: 3}
      propertyPath: m_RootOrder
      value: 4
      objectReference: {fileID: 0}
    - target: {fileID: 1058086068438937697, guid: 3c7e24c4ce41c0340ba0e1dce3fbb995,
        type: 3}
      propertyPath: m_LocalEulerAnglesHint.x
      value: 0
      objectReference: {fileID: 0}
    - target: {fileID: 1058086068438937697, guid: 3c7e24c4ce41c0340ba0e1dce3fbb995,
        type: 3}
      propertyPath: m_LocalEulerAnglesHint.y
      value: 0
      objectReference: {fileID: 0}
    - target: {fileID: 1058086068438937697, guid: 3c7e24c4ce41c0340ba0e1dce3fbb995,
        type: 3}
      propertyPath: m_LocalEulerAnglesHint.z
      value: 0
      objectReference: {fileID: 0}
    - target: {fileID: 7002560264982876321, guid: 3c7e24c4ce41c0340ba0e1dce3fbb995,
        type: 3}
      propertyPath: m_IsKinematic
      value: 0
      objectReference: {fileID: 0}
    - target: {fileID: 7002560264982876321, guid: 3c7e24c4ce41c0340ba0e1dce3fbb995,
        type: 3}
      propertyPath: m_UseGravity
      value: 0
      objectReference: {fileID: 0}
    - target: {fileID: 1612992953882123482, guid: 3c7e24c4ce41c0340ba0e1dce3fbb995,
        type: 3}
      propertyPath: m_NormalizedViewPortRect.x
      value: 0
      objectReference: {fileID: 0}
    - target: {fileID: 1612992953882123482, guid: 3c7e24c4ce41c0340ba0e1dce3fbb995,
        type: 3}
      propertyPath: m_NormalizedViewPortRect.width
      value: 1
      objectReference: {fileID: 0}
    - target: {fileID: 1612992953882123482, guid: 3c7e24c4ce41c0340ba0e1dce3fbb995,
        type: 3}
      propertyPath: m_Enabled
      value: 0
      objectReference: {fileID: 0}
    - target: {fileID: 3740142219445628124, guid: 3c7e24c4ce41c0340ba0e1dce3fbb995,
        type: 3}
      propertyPath: m_IsActive
      value: 0
      objectReference: {fileID: 0}
    - target: {fileID: 8171313951328655450, guid: 3c7e24c4ce41c0340ba0e1dce3fbb995,
        type: 3}
      propertyPath: m_Materials.Array.data[0]
      value: 
      objectReference: {fileID: 2100000, guid: fc45a1a1aa2ff4e40919228e28f2ab42, type: 2}
    - target: {fileID: 7274221864614019603, guid: 3c7e24c4ce41c0340ba0e1dce3fbb995,
        type: 3}
      propertyPath: m_Materials.Array.data[0]
      value: 
      objectReference: {fileID: 2100000, guid: fc45a1a1aa2ff4e40919228e28f2ab42, type: 2}
    - target: {fileID: 6822939084429121939, guid: 3c7e24c4ce41c0340ba0e1dce3fbb995,
        type: 3}
      propertyPath: m_Materials.Array.data[0]
      value: 
      objectReference: {fileID: 2100000, guid: fc45a1a1aa2ff4e40919228e28f2ab42, type: 2}
    - target: {fileID: 8641391316638863739, guid: 3c7e24c4ce41c0340ba0e1dce3fbb995,
        type: 3}
      propertyPath: m_Materials.Array.data[0]
      value: 
      objectReference: {fileID: 2100000, guid: fc45a1a1aa2ff4e40919228e28f2ab42, type: 2}
    m_RemovedComponents: []
  m_SourcePrefab: {fileID: 100100000, guid: 3c7e24c4ce41c0340ba0e1dce3fbb995, type: 3}
--- !u!1 &1982079835
GameObject:
  m_ObjectHideFlags: 0
  m_CorrespondingSourceObject: {fileID: 0}
  m_PrefabInstance: {fileID: 0}
  m_PrefabAsset: {fileID: 0}
  serializedVersion: 6
  m_Component:
  - component: {fileID: 1982079836}
  - component: {fileID: 1982079838}
  - component: {fileID: 1982079837}
  m_Layer: 0
  m_Name: Plane
  m_TagString: Untagged
  m_Icon: {fileID: 0}
  m_NavMeshLayer: 0
  m_StaticEditorFlags: 0
  m_IsActive: 1
--- !u!4 &1982079836
Transform:
  m_ObjectHideFlags: 0
  m_CorrespondingSourceObject: {fileID: 0}
  m_PrefabInstance: {fileID: 0}
  m_PrefabAsset: {fileID: 0}
  m_GameObject: {fileID: 1982079835}
  m_LocalRotation: {x: -0, y: 0.7071068, z: -0, w: 0.7071068}
  m_LocalPosition: {x: 0, y: 0, z: 0}
  m_LocalScale: {x: 1, y: 1, z: 200.00012}
  m_Children: []
  m_Father: {fileID: 361610706}
  m_RootOrder: 0
  m_LocalEulerAnglesHint: {x: 0, y: 90, z: 0}
--- !u!23 &1982079837
MeshRenderer:
  m_ObjectHideFlags: 0
  m_CorrespondingSourceObject: {fileID: 0}
  m_PrefabInstance: {fileID: 0}
  m_PrefabAsset: {fileID: 0}
  m_GameObject: {fileID: 1982079835}
  m_Enabled: 1
  m_CastShadows: 1
  m_ReceiveShadows: 1
  m_DynamicOccludee: 1
  m_MotionVectors: 1
  m_LightProbeUsage: 1
  m_ReflectionProbeUsage: 1
  m_RenderingLayerMask: 1
  m_RendererPriority: 0
  m_Materials:
  - {fileID: 10303, guid: 0000000000000000f000000000000000, type: 0}
  m_StaticBatchInfo:
    firstSubMesh: 0
    subMeshCount: 0
  m_StaticBatchRoot: {fileID: 0}
  m_ProbeAnchor: {fileID: 0}
  m_LightProbeVolumeOverride: {fileID: 0}
  m_ScaleInLightmap: 1
  m_PreserveUVs: 0
  m_IgnoreNormalsForChartDetection: 0
  m_ImportantGI: 0
  m_StitchLightmapSeams: 0
  m_SelectedEditorRenderState: 3
  m_MinimumChartSize: 4
  m_AutoUVMaxDistance: 0.5
  m_AutoUVMaxAngle: 89
  m_LightmapParameters: {fileID: 0}
  m_SortingLayerID: 0
  m_SortingLayer: 0
  m_SortingOrder: 0
--- !u!33 &1982079838
MeshFilter:
  m_ObjectHideFlags: 0
  m_CorrespondingSourceObject: {fileID: 0}
  m_PrefabInstance: {fileID: 0}
  m_PrefabAsset: {fileID: 0}
  m_GameObject: {fileID: 1982079835}
  m_Mesh: {fileID: 10209, guid: 0000000000000000e000000000000000, type: 0}
--- !u!1001 &2079600131
PrefabInstance:
  m_ObjectHideFlags: 0
  serializedVersion: 2
  m_Modification:
    m_TransformParent: {fileID: 0}
    m_Modifications:
    - target: {fileID: 5853949275495222620, guid: 3c7e24c4ce41c0340ba0e1dce3fbb995,
        type: 3}
      propertyPath: m_Name
      value: Player 4
      objectReference: {fileID: 0}
    - target: {fileID: 5644565509214544767, guid: 3c7e24c4ce41c0340ba0e1dce3fbb995,
        type: 3}
      propertyPath: playerNumber
      value: 4
      objectReference: {fileID: 0}
    - target: {fileID: 1058086068438937697, guid: 3c7e24c4ce41c0340ba0e1dce3fbb995,
        type: 3}
      propertyPath: m_LocalPosition.x
      value: 3.26
      objectReference: {fileID: 0}
    - target: {fileID: 1058086068438937697, guid: 3c7e24c4ce41c0340ba0e1dce3fbb995,
        type: 3}
      propertyPath: m_LocalPosition.y
      value: 1.28
      objectReference: {fileID: 0}
    - target: {fileID: 1058086068438937697, guid: 3c7e24c4ce41c0340ba0e1dce3fbb995,
        type: 3}
      propertyPath: m_LocalPosition.z
      value: 5.02
      objectReference: {fileID: 0}
    - target: {fileID: 1058086068438937697, guid: 3c7e24c4ce41c0340ba0e1dce3fbb995,
        type: 3}
      propertyPath: m_LocalRotation.x
      value: 0
      objectReference: {fileID: 0}
    - target: {fileID: 1058086068438937697, guid: 3c7e24c4ce41c0340ba0e1dce3fbb995,
        type: 3}
      propertyPath: m_LocalRotation.y
      value: 0
      objectReference: {fileID: 0}
    - target: {fileID: 1058086068438937697, guid: 3c7e24c4ce41c0340ba0e1dce3fbb995,
        type: 3}
      propertyPath: m_LocalRotation.z
      value: 0
      objectReference: {fileID: 0}
    - target: {fileID: 1058086068438937697, guid: 3c7e24c4ce41c0340ba0e1dce3fbb995,
        type: 3}
      propertyPath: m_LocalRotation.w
      value: 1
      objectReference: {fileID: 0}
    - target: {fileID: 1058086068438937697, guid: 3c7e24c4ce41c0340ba0e1dce3fbb995,
        type: 3}
      propertyPath: m_RootOrder
      value: 6
      objectReference: {fileID: 0}
    - target: {fileID: 1058086068438937697, guid: 3c7e24c4ce41c0340ba0e1dce3fbb995,
        type: 3}
      propertyPath: m_LocalEulerAnglesHint.x
      value: 0
      objectReference: {fileID: 0}
    - target: {fileID: 1058086068438937697, guid: 3c7e24c4ce41c0340ba0e1dce3fbb995,
        type: 3}
      propertyPath: m_LocalEulerAnglesHint.y
      value: 0
      objectReference: {fileID: 0}
    - target: {fileID: 1058086068438937697, guid: 3c7e24c4ce41c0340ba0e1dce3fbb995,
        type: 3}
      propertyPath: m_LocalEulerAnglesHint.z
      value: 0
      objectReference: {fileID: 0}
    - target: {fileID: 7002560264982876321, guid: 3c7e24c4ce41c0340ba0e1dce3fbb995,
        type: 3}
      propertyPath: m_UseGravity
      value: 0
      objectReference: {fileID: 0}
    - target: {fileID: 1612992953882123482, guid: 3c7e24c4ce41c0340ba0e1dce3fbb995,
        type: 3}
      propertyPath: m_NormalizedViewPortRect.x
      value: 0
      objectReference: {fileID: 0}
    - target: {fileID: 1612992953882123482, guid: 3c7e24c4ce41c0340ba0e1dce3fbb995,
        type: 3}
      propertyPath: m_NormalizedViewPortRect.width
      value: 1
      objectReference: {fileID: 0}
    - target: {fileID: 1612992953882123482, guid: 3c7e24c4ce41c0340ba0e1dce3fbb995,
        type: 3}
      propertyPath: m_Enabled
      value: 0
      objectReference: {fileID: 0}
    - target: {fileID: 3740142219445628124, guid: 3c7e24c4ce41c0340ba0e1dce3fbb995,
        type: 3}
      propertyPath: m_IsActive
      value: 0
      objectReference: {fileID: 0}
    - target: {fileID: 8171313951328655450, guid: 3c7e24c4ce41c0340ba0e1dce3fbb995,
        type: 3}
      propertyPath: m_Materials.Array.data[0]
      value: 
      objectReference: {fileID: 2100000, guid: ea1d51f0db4b14643a8db57b4174f452, type: 2}
    - target: {fileID: 7274221864614019603, guid: 3c7e24c4ce41c0340ba0e1dce3fbb995,
        type: 3}
      propertyPath: m_Materials.Array.data[0]
      value: 
      objectReference: {fileID: 2100000, guid: ea1d51f0db4b14643a8db57b4174f452, type: 2}
    - target: {fileID: 6822939084429121939, guid: 3c7e24c4ce41c0340ba0e1dce3fbb995,
        type: 3}
      propertyPath: m_Materials.Array.data[0]
      value: 
      objectReference: {fileID: 2100000, guid: ea1d51f0db4b14643a8db57b4174f452, type: 2}
    - target: {fileID: 8641391316638863739, guid: 3c7e24c4ce41c0340ba0e1dce3fbb995,
        type: 3}
      propertyPath: m_Materials.Array.data[0]
      value: 
      objectReference: {fileID: 2100000, guid: ea1d51f0db4b14643a8db57b4174f452, type: 2}
    m_RemovedComponents: []
  m_SourcePrefab: {fileID: 100100000, guid: 3c7e24c4ce41c0340ba0e1dce3fbb995, type: 3}
--- !u!1001 &4133397228262363736
PrefabInstance:
  m_ObjectHideFlags: 0
  serializedVersion: 2
  m_Modification:
    m_TransformParent: {fileID: 0}
    m_Modifications:
    - target: {fileID: 4133397229120433160, guid: 447ed002b21759c499fc6a68ec1d22b9,
        type: 3}
      propertyPath: m_Name
      value: Skybox64
      objectReference: {fileID: 0}
    - target: {fileID: 4133397229120433161, guid: 447ed002b21759c499fc6a68ec1d22b9,
        type: 3}
      propertyPath: m_LocalPosition.x
      value: 0
      objectReference: {fileID: 0}
    - target: {fileID: 4133397229120433161, guid: 447ed002b21759c499fc6a68ec1d22b9,
        type: 3}
      propertyPath: m_LocalPosition.y
      value: 10
      objectReference: {fileID: 0}
    - target: {fileID: 4133397229120433161, guid: 447ed002b21759c499fc6a68ec1d22b9,
        type: 3}
      propertyPath: m_LocalPosition.z
      value: 0
      objectReference: {fileID: 0}
    - target: {fileID: 4133397229120433161, guid: 447ed002b21759c499fc6a68ec1d22b9,
        type: 3}
      propertyPath: m_LocalRotation.x
      value: 0
      objectReference: {fileID: 0}
    - target: {fileID: 4133397229120433161, guid: 447ed002b21759c499fc6a68ec1d22b9,
        type: 3}
      propertyPath: m_LocalRotation.y
      value: 0
      objectReference: {fileID: 0}
    - target: {fileID: 4133397229120433161, guid: 447ed002b21759c499fc6a68ec1d22b9,
        type: 3}
      propertyPath: m_LocalRotation.z
      value: 0
      objectReference: {fileID: 0}
    - target: {fileID: 4133397229120433161, guid: 447ed002b21759c499fc6a68ec1d22b9,
        type: 3}
      propertyPath: m_LocalRotation.w
      value: 1
      objectReference: {fileID: 0}
    - target: {fileID: 4133397229120433161, guid: 447ed002b21759c499fc6a68ec1d22b9,
        type: 3}
      propertyPath: m_RootOrder
      value: 7
      objectReference: {fileID: 0}
    - target: {fileID: 4133397229120433161, guid: 447ed002b21759c499fc6a68ec1d22b9,
        type: 3}
      propertyPath: m_LocalEulerAnglesHint.x
      value: 0
      objectReference: {fileID: 0}
    - target: {fileID: 4133397229120433161, guid: 447ed002b21759c499fc6a68ec1d22b9,
        type: 3}
      propertyPath: m_LocalEulerAnglesHint.y
      value: 0
      objectReference: {fileID: 0}
    - target: {fileID: 4133397229120433161, guid: 447ed002b21759c499fc6a68ec1d22b9,
        type: 3}
      propertyPath: m_LocalEulerAnglesHint.z
      value: 0
      objectReference: {fileID: 0}
    m_RemovedComponents: []
  m_SourcePrefab: {fileID: 100100000, guid: 447ed002b21759c499fc6a68ec1d22b9, type: 3}
--- !u!1001 &4439975625522975050
PrefabInstance:
  m_ObjectHideFlags: 0
  serializedVersion: 2
  m_Modification:
    m_TransformParent: {fileID: 0}
    m_Modifications:
    - target: {fileID: 4439975625798769959, guid: fcd41371834773743bd4ac7142c6b2f9,
        type: 3}
      propertyPath: m_Name
      value: World
      objectReference: {fileID: 0}
    - target: {fileID: 4439975625798769979, guid: fcd41371834773743bd4ac7142c6b2f9,
        type: 3}
      propertyPath: m_LocalPosition.x
      value: 0
      objectReference: {fileID: 0}
    - target: {fileID: 4439975625798769979, guid: fcd41371834773743bd4ac7142c6b2f9,
        type: 3}
      propertyPath: m_LocalPosition.y
      value: 0
      objectReference: {fileID: 0}
    - target: {fileID: 4439975625798769979, guid: fcd41371834773743bd4ac7142c6b2f9,
        type: 3}
      propertyPath: m_LocalPosition.z
      value: 0
      objectReference: {fileID: 0}
    - target: {fileID: 4439975625798769979, guid: fcd41371834773743bd4ac7142c6b2f9,
        type: 3}
      propertyPath: m_LocalRotation.x
      value: 0
      objectReference: {fileID: 0}
    - target: {fileID: 4439975625798769979, guid: fcd41371834773743bd4ac7142c6b2f9,
        type: 3}
      propertyPath: m_LocalRotation.y
      value: 0
      objectReference: {fileID: 0}
    - target: {fileID: 4439975625798769979, guid: fcd41371834773743bd4ac7142c6b2f9,
        type: 3}
      propertyPath: m_LocalRotation.z
      value: 0
      objectReference: {fileID: 0}
    - target: {fileID: 4439975625798769979, guid: fcd41371834773743bd4ac7142c6b2f9,
        type: 3}
      propertyPath: m_LocalRotation.w
      value: 1
      objectReference: {fileID: 0}
    - target: {fileID: 4439975625798769979, guid: fcd41371834773743bd4ac7142c6b2f9,
        type: 3}
      propertyPath: m_RootOrder
      value: 0
      objectReference: {fileID: 0}
    - target: {fileID: 4439975625798769979, guid: fcd41371834773743bd4ac7142c6b2f9,
        type: 3}
      propertyPath: m_LocalEulerAnglesHint.x
      value: 0
      objectReference: {fileID: 0}
    - target: {fileID: 4439975625798769979, guid: fcd41371834773743bd4ac7142c6b2f9,
        type: 3}
      propertyPath: m_LocalEulerAnglesHint.y
      value: 0
      objectReference: {fileID: 0}
    - target: {fileID: 4439975625798769979, guid: fcd41371834773743bd4ac7142c6b2f9,
        type: 3}
      propertyPath: m_LocalEulerAnglesHint.z
      value: 0
      objectReference: {fileID: 0}
    - target: {fileID: 4844413679503079190, guid: fcd41371834773743bd4ac7142c6b2f9,
        type: 3}
      propertyPath: m_LocalScale.z
      value: 15
      objectReference: {fileID: 0}
    - target: {fileID: 5379053669753780335, guid: fcd41371834773743bd4ac7142c6b2f9,
        type: 3}
      propertyPath: m_LocalScale.z
      value: 15
      objectReference: {fileID: 0}
    - target: {fileID: 2624530178701803412, guid: fcd41371834773743bd4ac7142c6b2f9,
        type: 3}
      propertyPath: m_RootOrder
      value: 3
      objectReference: {fileID: 0}
    - target: {fileID: 6596860300166128939, guid: fcd41371834773743bd4ac7142c6b2f9,
        type: 3}
      propertyPath: m_RootOrder
      value: 4
      objectReference: {fileID: 0}
    - target: {fileID: 784381730715795156, guid: fcd41371834773743bd4ac7142c6b2f9,
        type: 3}
      propertyPath: m_RootOrder
      value: 4
      objectReference: {fileID: 0}
    - target: {fileID: 1659555541058704021, guid: fcd41371834773743bd4ac7142c6b2f9,
        type: 3}
      propertyPath: m_RootOrder
      value: 3
      objectReference: {fileID: 0}
    m_RemovedComponents: []
  m_SourcePrefab: {fileID: 100100000, guid: fcd41371834773743bd4ac7142c6b2f9, type: 3}
--- !u!1001 &5703546927538481521
PrefabInstance:
  m_ObjectHideFlags: 0
  serializedVersion: 2
  m_Modification:
    m_TransformParent: {fileID: 0}
    m_Modifications:
    - target: {fileID: 5703546928235328471, guid: fd02cd0888dcd8c439df67336c37751d,
        type: 3}
      propertyPath: m_Name
      value: PlayerManager
      objectReference: {fileID: 0}
    - target: {fileID: 5703546928235328473, guid: fd02cd0888dcd8c439df67336c37751d,
        type: 3}
      propertyPath: m_LocalPosition.x
      value: -1.0483251
      objectReference: {fileID: 0}
    - target: {fileID: 5703546928235328473, guid: fd02cd0888dcd8c439df67336c37751d,
        type: 3}
      propertyPath: m_LocalPosition.y
      value: -13.0546875
      objectReference: {fileID: 0}
    - target: {fileID: 5703546928235328473, guid: fd02cd0888dcd8c439df67336c37751d,
        type: 3}
      propertyPath: m_LocalPosition.z
      value: 24.95066
      objectReference: {fileID: 0}
    - target: {fileID: 5703546928235328473, guid: fd02cd0888dcd8c439df67336c37751d,
        type: 3}
      propertyPath: m_LocalRotation.x
      value: 0
      objectReference: {fileID: 0}
    - target: {fileID: 5703546928235328473, guid: fd02cd0888dcd8c439df67336c37751d,
        type: 3}
      propertyPath: m_LocalRotation.y
      value: 0
      objectReference: {fileID: 0}
    - target: {fileID: 5703546928235328473, guid: fd02cd0888dcd8c439df67336c37751d,
        type: 3}
      propertyPath: m_LocalRotation.z
      value: 0
      objectReference: {fileID: 0}
    - target: {fileID: 5703546928235328473, guid: fd02cd0888dcd8c439df67336c37751d,
        type: 3}
      propertyPath: m_LocalRotation.w
      value: 1
      objectReference: {fileID: 0}
    - target: {fileID: 5703546928235328473, guid: fd02cd0888dcd8c439df67336c37751d,
        type: 3}
      propertyPath: m_RootOrder
      value: 10
      objectReference: {fileID: 0}
    - target: {fileID: 5703546928235328473, guid: fd02cd0888dcd8c439df67336c37751d,
        type: 3}
      propertyPath: m_LocalEulerAnglesHint.x
      value: 0
      objectReference: {fileID: 0}
    - target: {fileID: 5703546928235328473, guid: fd02cd0888dcd8c439df67336c37751d,
        type: 3}
      propertyPath: m_LocalEulerAnglesHint.y
      value: 0
      objectReference: {fileID: 0}
    - target: {fileID: 5703546928235328473, guid: fd02cd0888dcd8c439df67336c37751d,
        type: 3}
      propertyPath: m_LocalEulerAnglesHint.z
      value: 0
      objectReference: {fileID: 0}
    - target: {fileID: 5703546928235328470, guid: fd02cd0888dcd8c439df67336c37751d,
        type: 3}
      propertyPath: allHomeez.Array.data[0]
      value: 
      objectReference: {fileID: 1311984448}
    - target: {fileID: 5703546928235328470, guid: fd02cd0888dcd8c439df67336c37751d,
        type: 3}
      propertyPath: allHomeez.Array.data[1]
      value: 
      objectReference: {fileID: 805243007}
    - target: {fileID: 5703546928235328470, guid: fd02cd0888dcd8c439df67336c37751d,
        type: 3}
      propertyPath: allHomeez.Array.data[2]
      value: 
      objectReference: {fileID: 904464525}
    - target: {fileID: 5703546928235328470, guid: fd02cd0888dcd8c439df67336c37751d,
        type: 3}
      propertyPath: allHomeez.Array.data[3]
      value: 
      objectReference: {fileID: 520008712}
    m_RemovedComponents: []
  m_SourcePrefab: {fileID: 100100000, guid: fd02cd0888dcd8c439df67336c37751d, type: 3}
--- !u!1001 &6913370510967197215
PrefabInstance:
  m_ObjectHideFlags: 0
  serializedVersion: 2
  m_Modification:
    m_TransformParent: {fileID: 0}
    m_Modifications:
    - target: {fileID: 6913370509750703960, guid: b1e42a19356accb4c9c47620aeb90b0b,
        type: 3}
      propertyPath: m_Name
      value: Spawner
      objectReference: {fileID: 0}
    - target: {fileID: 6913370509750703958, guid: b1e42a19356accb4c9c47620aeb90b0b,
        type: 3}
      propertyPath: m_LocalPosition.x
      value: -0.24
      objectReference: {fileID: 0}
    - target: {fileID: 6913370509750703958, guid: b1e42a19356accb4c9c47620aeb90b0b,
        type: 3}
      propertyPath: m_LocalPosition.y
      value: 0.5
      objectReference: {fileID: 0}
    - target: {fileID: 6913370509750703958, guid: b1e42a19356accb4c9c47620aeb90b0b,
        type: 3}
      propertyPath: m_LocalPosition.z
      value: 24.95066
      objectReference: {fileID: 0}
    - target: {fileID: 6913370509750703958, guid: b1e42a19356accb4c9c47620aeb90b0b,
        type: 3}
      propertyPath: m_LocalRotation.x
      value: 0
      objectReference: {fileID: 0}
    - target: {fileID: 6913370509750703958, guid: b1e42a19356accb4c9c47620aeb90b0b,
        type: 3}
      propertyPath: m_LocalRotation.y
      value: 0
      objectReference: {fileID: 0}
    - target: {fileID: 6913370509750703958, guid: b1e42a19356accb4c9c47620aeb90b0b,
        type: 3}
      propertyPath: m_LocalRotation.z
      value: 0
      objectReference: {fileID: 0}
    - target: {fileID: 6913370509750703958, guid: b1e42a19356accb4c9c47620aeb90b0b,
        type: 3}
      propertyPath: m_LocalRotation.w
      value: 1
      objectReference: {fileID: 0}
    - target: {fileID: 6913370509750703958, guid: b1e42a19356accb4c9c47620aeb90b0b,
        type: 3}
      propertyPath: m_RootOrder
      value: 9
      objectReference: {fileID: 0}
    - target: {fileID: 6913370509750703958, guid: b1e42a19356accb4c9c47620aeb90b0b,
        type: 3}
      propertyPath: m_LocalEulerAnglesHint.x
      value: 0
      objectReference: {fileID: 0}
    - target: {fileID: 6913370509750703958, guid: b1e42a19356accb4c9c47620aeb90b0b,
        type: 3}
      propertyPath: m_LocalEulerAnglesHint.y
      value: 0
      objectReference: {fileID: 0}
    - target: {fileID: 6913370509750703958, guid: b1e42a19356accb4c9c47620aeb90b0b,
        type: 3}
      propertyPath: m_LocalEulerAnglesHint.z
      value: 0
      objectReference: {fileID: 0}
    m_RemovedComponents: []
  m_SourcePrefab: {fileID: 100100000, guid: b1e42a19356accb4c9c47620aeb90b0b, type: 3}
